@book{fdrManual,
  title={FDR Manual},
  author={University of Oxford},
  year={2016},
  publisher={University of Oxford}
}

@book{car.hoare,
  title={Communication Sequential Process},
  author={Hoare, C.A.R.},
  year={2003},
  publisher={Prentice Hall International}
}